[gd_scene load_steps=10 format=2]

[ext_resource path="res://assets/models/column.vox" type="ArrayMesh" id=1]
[ext_resource path="res://assets/models/bridge.vox" type="ArrayMesh" id=2]
[ext_resource path="res://game_objects/Pierce.gd" type="Script" id=3]
[ext_resource path="res://assets/models/lifebuoy.vox" type="ArrayMesh" id=4]
[ext_resource path="res://game_objects/ResourceItem.tscn" type="PackedScene" id=5]

[sub_resource type="BoxShape" id=1]
extents = Vector3( 2, 1, 0.1 )

[sub_resource type="BoxShape" id=2]
extents = Vector3( 2, 1, 0.1 )

[sub_resource type="BoxShape" id=3]
extents = Vector3( 0.1, 1, 1.13 )

[sub_resource type="BoxShape" id=4]
extents = Vector3( 1.32712, 1, 1 )

[node name="Pierce" type="Spatial" groups=["shop"]]
script = ExtResource( 3 )

[node name="bridge" type="MeshInstance" parent="."]
transform = Transform( 1, 0, 0, 0, 1, 0, 0, 0, 1, 2.19602, -0.435922, 0.405839 )
mesh = ExtResource( 2 )

[node name="column" type="MeshInstance" parent="."]
transform = Transform( 1, 0, 0, 0, 1, 0, 0, 0, 1, 4.20019, -1.94106, -1.29803 )
mesh = ExtResource( 1 )

[node name="column2" type="MeshInstance" parent="."]
transform = Transform( 1, 0, 0, 0, 1, 0, 0, 0, 1, 4.19693, -1.91779, 1.3075 )
mesh = ExtResource( 1 )

[node name="lifebuoy2" type="MeshInstance" parent="."]
transform = Transform( 1.31134e-07, 0, -1, 0, 1, 0, 1, 0, 1.31134e-07, 2.28268, -0.371669, -1.48019 )
mesh = ExtResource( 4 )
skeleton = NodePath("../lifebuoy")

[node name="lifebuoy" type="MeshInstance" parent="."]
transform = Transform( -4.37114e-08, 0, 1, 0, 1, 0, -1, 0, -4.37114e-08, 2.18776, -0.185835, 1.59026 )
mesh = ExtResource( 4 )

[node name="StaticBody" type="StaticBody" parent="."]

[node name="LeftCollisionShape" type="CollisionShape" parent="StaticBody"]
transform = Transform( 1, 0, 0, 0, 1, 0, 0, 0, 1, 2.193, 0.596, -1.28517 )
shape = SubResource( 1 )

[node name="RightCollisionShape" type="CollisionShape" parent="StaticBody"]
transform = Transform( 1, 0, 0, 0, 1, 0, 0, 0, 1, 2.193, 0.596, 1.31298 )
shape = SubResource( 2 )

[node name="BackCollisionShape" type="CollisionShape" parent="StaticBody"]
transform = Transform( 1, 0, 0, 0, 1, 0, 0, 0, 1, 4.20185, 0.536734, 0 )
shape = SubResource( 3 )

[node name="Area" type="Area" parent="."]
transform = Transform( 1, 0, 0, 0, 1, 0, 0, 0, 1, 2.26128, 0, 0 )

[node name="CollisionShape" type="CollisionShape" parent="Area"]
transform = Transform( 1, 0, 0, 0, 1, 0, 0, 0, 1, 0.306442, 0.562258, -0.0166386 )
shape = SubResource( 4 )

[node name="ResourceItem" parent="." instance=ExtResource( 5 )]
transform = Transform( 1.06066, -1.06066, 4.63629e-08, 0, -6.55671e-08, -1.5, 1.06066, 1.06066, -4.63629e-08, 2.01511, 3.48798, -0.361213 )

[node name="Position3D" type="Position3D" parent="."]
transform = Transform( 1, 0, 0, 0, 1, 0, 0, 0, 1, 7.58826, 0, 0 )
