[gd_scene load_steps=11 format=2]

[ext_resource path="res://assets/models/tree.vox" type="ArrayMesh" id=1]
[ext_resource path="res://game_objects/Tree.gd" type="Script" id=2]
[ext_resource path="res://assets/models/wood.vox" type="ArrayMesh" id=3]
[ext_resource path="res://assets/models/tree_leaves.vox" type="ArrayMesh" id=4]

[sub_resource type="CylinderShape" id=1]
height = 4.52876
radius = 0.611138

[sub_resource type="CylinderShape" id=2]
radius = 0.276107

[sub_resource type="Animation" id=6]
resource_name = "Empty"
length = 0.001
tracks/0/type = "value"
tracks/0/path = NodePath("tree:scale")
tracks/0/interp = 1
tracks/0/loop_wrap = true
tracks/0/imported = false
tracks/0/enabled = true
tracks/0/keys = {
"times": PoolRealArray( 0 ),
"transitions": PoolRealArray( 1 ),
"update": 0,
"values": [ Vector3( 0.1, 0.1, 0.1 ) ]
}

[sub_resource type="Animation" id=5]
resource_name = "Grow"
length = 0.3
tracks/0/type = "value"
tracks/0/path = NodePath("tree:scale")
tracks/0/interp = 1
tracks/0/loop_wrap = true
tracks/0/imported = false
tracks/0/enabled = true
tracks/0/keys = {
"times": PoolRealArray( 0, 0.3 ),
"transitions": PoolRealArray( 0.15932, 0.233259 ),
"update": 0,
"values": [ Vector3( 0.1, 0.1, 0.1 ), Vector3( 1, 1, 1 ) ]
}

[sub_resource type="Animation" id=3]
length = 0.001
tracks/0/type = "value"
tracks/0/path = NodePath("tree:scale")
tracks/0/interp = 1
tracks/0/loop_wrap = true
tracks/0/imported = false
tracks/0/enabled = true
tracks/0/keys = {
"times": PoolRealArray( 0 ),
"transitions": PoolRealArray( 1 ),
"update": 0,
"values": [ Vector3( 1, 1, 1 ) ]
}
tracks/1/type = "value"
tracks/1/path = NodePath("wood:scale")
tracks/1/interp = 1
tracks/1/loop_wrap = true
tracks/1/imported = false
tracks/1/enabled = true
tracks/1/keys = {
"times": PoolRealArray( 0 ),
"transitions": PoolRealArray( 1 ),
"update": 0,
"values": [ Vector3( 1, 1, 1 ) ]
}

[sub_resource type="Animation" id=4]
resource_name = "TakeDamage"
length = 0.2
step = 0.05
tracks/0/type = "value"
tracks/0/path = NodePath("tree:scale")
tracks/0/interp = 1
tracks/0/loop_wrap = true
tracks/0/imported = false
tracks/0/enabled = true
tracks/0/keys = {
"times": PoolRealArray( 0, 0.05, 0.2 ),
"transitions": PoolRealArray( 1, 1, 1 ),
"update": 0,
"values": [ Vector3( 1, 1, 1 ), Vector3( 0.9, 0.9, 0.9 ), Vector3( 1, 1, 1 ) ]
}
tracks/1/type = "value"
tracks/1/path = NodePath("wood:scale")
tracks/1/interp = 1
tracks/1/loop_wrap = true
tracks/1/imported = false
tracks/1/enabled = true
tracks/1/keys = {
"times": PoolRealArray( 0, 0.05, 0.2 ),
"transitions": PoolRealArray( 1, 1, 1 ),
"update": 0,
"values": [ Vector3( 1, 1, 1 ), Vector3( 0.9, 0.9, 0.9 ), Vector3( 1, 1, 1 ) ]
}

[node name="Tree" type="Spatial" groups=["resource"]]
script = ExtResource( 2 )

[node name="tree" type="MeshInstance" parent="."]
mesh = ExtResource( 1 )

[node name="wood" type="MeshInstance" parent="."]
transform = Transform( 1, 0, 0, 0, 1, 0, 0, 0, 1, 0.0895357, -0.55343, -0.000710368 )
mesh = ExtResource( 3 )

[node name="StaticBody" type="StaticBody" parent="."]

[node name="CollisionShape" type="CollisionShape" parent="StaticBody"]
transform = Transform( 1, 0, 0, 0, 1, 0, 0, 0, 1, 0, 2.26877, 0 )
shape = SubResource( 1 )

[node name="Area" type="Area" parent="."]

[node name="CollisionShape" type="CollisionShape" parent="Area"]
transform = Transform( 2.82732, 0, 0, 0, 1, 0, 0, 0, 2.82732, 0, 0.988398, 0 )
shape = SubResource( 2 )

[node name="AnimationPlayer" type="AnimationPlayer" parent="."]
anims/Empty = SubResource( 6 )
anims/Grow = SubResource( 5 )
anims/RESET = SubResource( 3 )
anims/TakeDamage = SubResource( 4 )

[node name="Timer" type="Timer" parent="."]
wait_time = 5.0
one_shot = true

[node name="CPUParticles" type="CPUParticles" parent="."]
transform = Transform( 1, 0, 0, 0, 1, 0, 0, 0, 1, 0, -1.6, 0 )
emitting = false
amount = 5
lifetime = 0.8
explosiveness = 0.5
fract_delta = false
mesh = ExtResource( 4 )
emission_shape = 5
emission_ring_radius = 1.0
emission_ring_inner_radius = 1.0
emission_ring_height = 0.0
emission_ring_axis = Vector3( 1, 1, 1 )
direction = Vector3( 0, 1, 0 )
flatness = 0.5
gravity = Vector3( 0, -15, 0 )
initial_velocity = 3.0
linear_accel = 2.0
radial_accel = 8.0
damping = 1.0

[connection signal="animation_finished" from="AnimationPlayer" to="." method="_on_AnimationPlayer_animation_finished"]
[connection signal="timeout" from="Timer" to="." method="_on_Timer_timeout"]
