[gd_scene load_steps=10 format=2]

[ext_resource path="res://assets/models/dirt.vox" type="ArrayMesh" id=1]
[ext_resource path="res://assets/models/bridge.vox" type="ArrayMesh" id=2]
[ext_resource path="res://assets/models/bridge2.vox" type="ArrayMesh" id=3]
[ext_resource path="res://assets/models/sand.vox" type="ArrayMesh" id=4]

[sub_resource type="BoxShape" id=5]
extents = Vector3( 0.4, 0.4, 0.4 )

[sub_resource type="PlaneMesh" id=7]
size = Vector2( 0.8, 0.8 )

[sub_resource type="BoxShape" id=8]
extents = Vector3( 0.4, 2, 0.4 )

[sub_resource type="BoxShape" id=25]
extents = Vector3( 2.16175, 1, 0.210776 )

[sub_resource type="BoxShape" id=26]
extents = Vector3( 0.114186, 1.00808, 2.12139 )

[node name="Spatial" type="Spatial"]

[node name="DirtWithGrass" type="MeshInstance" parent="."]
mesh = ExtResource( 1 )

[node name="StaticBody" type="StaticBody" parent="DirtWithGrass"]
transform = Transform( 1, 0, 0, 0, 1, 0, 0, 0, 1, 0, 0.4, 0 )

[node name="CollisionShape" type="CollisionShape" parent="DirtWithGrass/StaticBody"]
shape = SubResource( 5 )

[node name="InvisibleWall" type="MeshInstance" parent="."]
transform = Transform( 1, 0, 0, 0, 1, 0, 0, 0, 1, 1, 0, -1.24546 )
mesh = SubResource( 7 )

[node name="StaticBody" type="StaticBody" parent="InvisibleWall"]

[node name="CollisionShape" type="CollisionShape" parent="InvisibleWall/StaticBody"]
shape = SubResource( 8 )

[node name="Bridge" type="MeshInstance" parent="."]
transform = Transform( 1, 0, 0, 0, 1, 0, 0, 0, 1, 0, 0, 4.70722 )
mesh = ExtResource( 2 )

[node name="StaticBody" type="StaticBody" parent="Bridge"]

[node name="CollisionShape" type="CollisionShape" parent="Bridge/StaticBody"]
transform = Transform( 1, 0, 0, 0, 1, 0, 0, 0, 1, 0, 1.23424, -1.77684 )
shape = SubResource( 25 )

[node name="CollisionShape2" type="CollisionShape" parent="Bridge/StaticBody"]
transform = Transform( 1, 0, 0, 0, 1, 0, 0, 0, 1, 0, 1.23424, 0.936481 )
shape = SubResource( 25 )

[node name="Bridge2" type="MeshInstance" parent="."]
transform = Transform( 1, 0, 0, 0, 1, 0, 0, 0, 1, -5.84726, 0, 0 )
mesh = ExtResource( 3 )

[node name="StaticBody" type="StaticBody" parent="Bridge2"]

[node name="CollisionShape" type="CollisionShape" parent="Bridge2/StaticBody"]
transform = Transform( 1, 0, 0, 0, 1, 0, 0, 0, 1, 1.29134, 1.22322, -0.367112 )
shape = SubResource( 26 )

[node name="CollisionShape2" type="CollisionShape" parent="Bridge2/StaticBody"]
transform = Transform( 1, 0, 0, 0, 1, 0, 0, 0, 1, -1.33736, 1.22322, -0.367112 )
shape = SubResource( 26 )

[node name="Spatial" type="MeshInstance" parent="."]
transform = Transform( 1, 0, 0, 0, 1, 0, 0, 0, 1, -1.32423, 0, 0 )
mesh = ExtResource( 4 )
